[gd_scene load_steps=7 format=2]

[ext_resource path="res://assets/slime.gd" type="Script" id=1]
[ext_resource path="res://assets/Characters/slimeWalk1.png" type="Texture" id=2]
[ext_resource path="res://assets/Characters/slimeWalk2.png" type="Texture" id=3]
[ext_resource path="res://assets/Characters/slimeDead.png" type="Texture" id=4]

[sub_resource type="SpriteFrames" id=1]

animations = [ {
"frames": [ ExtResource( 2 ), ExtResource( 2 ), ExtResource( 3 ), ExtResource( 2 ), ExtResource( 2 ), ExtResource( 3 ) ],
"loop": true,
"name": "default",
"speed": 3.0
}, {
"frames": [ ExtResource( 2 ), ExtResource( 3 ), ExtResource( 4 ) ],
"loop": true,
"name": "dead",
"speed": 5.0
} ]

[sub_resource type="CircleShape2D" id=2]

custom_solver_bias = 0.0
radius = 17.0

[node name="slime" type="KinematicBody2D"]

input_pickable = false
collision_layer = 1
collision_mask = 1
collision/safe_margin = 0.08
script = ExtResource( 1 )
SPEED = 160
HP = 1

[node name="AnimatedSprite" type="AnimatedSprite" parent="." index="0"]

frames = SubResource( 1 )
animation = "default"

[node name="floorDetect" type="RayCast2D" parent="." index="1"]

position = Vector2( 22.858, 0.387424 )
enabled = true
exclude_parent = true
cast_to = Vector2( 0, 15 )
collision_mask = 1
_sections_unfolded = [ "Transform" ]

[node name="CollisionShape2D" type="CollisionShape2D" parent="." index="2"]

position = Vector2( 0, -2.89956 )
shape = SubResource( 2 )
_sections_unfolded = [ "Transform" ]

[node name="Timer" type="Timer" parent="." index="3"]

process_mode = 1
wait_time = 0.5
one_shot = true
autostart = false

[connection signal="timeout" from="Timer" to="." method="_on_Timer_timeout"]


